@book{syed2015software,
  title={The software container pattern},
  author={Syed, Madiha H and Fernandez, Eduardo B},
  booktitle={Proceedings of the 22nd Conference on Pattern Languages of Programs},
  pages={24--26},
  publisher={Association for Computing Machinery, New York, United States},
  year={2015}
}
@techreport{leach2005universally,
  title={A universally unique identifier (uuid) urn namespace},
  author={Leach, Paul and Mealling, Michael and Salz, Rich},
  institution={RFC 4122},
  year={2005}
}
@article{potdar2020performance,
  title={Performance evaluation of docker container and virtual machine},
  author={Potdar, Amit M and Narayan, DG and Kengond, Shivaraj and Mulla, Mohammed Moin},
  journal={Procedia Computer Science},
  volume={171},
  pages={1419--1428},
  year={2020},
  publisher={Elsevier}
}
@book{masse2011rest,
  title={REST API Design Rulebook},
  author={Masse, M.},
  isbn={9781449310509},
  series={Oreilly and Associate Series},
  url={https://books.google.it/books?id=4lZcsRwXo6MC},
  year={2011},
  publisher={O'Reilly Media}
}
@book{fielding2000architectural,
  title={Architectural styles and the design of network-based software architectures},
  author={Fielding, Roy Thomas},
  year={2000},
  publisher={University of California, Irvine}
}
@techreport{bray2014javascript,
  title={The javascript object notation (json) data interchange format},
  author={Bray, Tim},
  institution={RFC 7159},
  year={2014}
}
@techreport{zip,
title={Registration of a new MIME Content-Type/Subtype, ZIP},
author={Lindner, Paul},
institution={IANA},
year={1993}
}
@book{grinberg2018flask,
  title={Flask web development: developing web applications with python},
  author={Grinberg, Miguel},
  year={2018},
  publisher={" O'Reilly Media, Inc."}
}
@techreport{kristol2000http,
  title={HTTP state management mechanism},
  author={Kristol, David and Montulli, Lou},
  institution={RFC 6265},
  year={2000}
}
@book{gundecha2015selenium,
  title={Selenium Testing Tools Cookbook},
  author={Gundecha, Unmesh},
  year={2015},
  publisher={Packt Publishing Ltd}
}
@book{mitchell2018web,
  title={Web scraping with Python: Collecting more data from the modern web},
  author={Mitchell, Ryan},
  year={2018},
  publisher={" O'Reilly Media, Inc."}
}
@article{doi:10.1177/2056305120940703,
author = {Moreno Mancosu and Federico Vegetti},
title ={What You Can Scrape and What Is Right to Scrape: A Proposal for a Tool to Collect Public Facebook Data},
journal = {Social Media + Society},
volume = {6},
number = {3},
year = {2020},
doi = {10.1177/2056305120940703},
URL = {https://doi.org/10.1177/2056305120940703},
eprint = {https://doi.org/10.1177/2056305120940703}
}
@article{gnosis_int,
author= {Tesconi, Maurizio},
title={Big Data \& Social Media Intelligence},
journal={Gnosis, Agenzia Informazioni e Sicurezza Interna},
year={2017}
}
@article{isaak2018user,
  title={User data privacy: Facebook, Cambridge Analytica, and privacy protection},
  author={Isaak, Jim and Hanna, Mina J},
  journal={Computer},
  volume={51},
  number={8},
  pages={56--59},
  year={2018},
  publisher={IEEE}
}
@article{olston2010web,
  title={Web crawling},
  author={Olston, Christopher and Najork, Marc and others},
  journal={Foundations and Trends{\textregistered} in Information Retrieval},
  volume={4},
  number={3},
  pages={175--246},
  year={2010},
  publisher={Now Publishers, Inc.}
}
@inproceedings{nikiforakis2013cookieless,
  title={Cookieless monster: Exploring the ecosystem of web-based device fingerprinting},
  author={Nikiforakis, Nick and Kapravelos, Alexandros and Joosen, Wouter and Kruegel, Christopher and Piessens, Frank and Vigna, Giovanni},
  booktitle={2013 IEEE Symposium on Security and Privacy},
  pages={541--555},
  year={2013},
  organization={IEEE}
}
@inproceedings{meehan2017data,
  title={Data Ingestion for the Connected World.},
  author={Meehan, John and Aslantas, Cansu and Zdonik, Stan and Tatbul, Nesime and Du, Jiang},
  booktitle={CIDR},
  year={2017}
}
@book{intelligence_guida,
  title={Intelligence, costante storica, variabile teorica e prospettive post-bipolari},
  author={Guida, Emilio},
  year={2016},
  publisher={``Ledizioni LediPublishing"}
}
@article{krotov2018legality,
  title={Legality and ethics of web scraping},
  author={Krotov, Vlad and Silva, Leiser},
  journal={Twenty-fourth Americas Conference on Information Systems},
  year={2018}
}
@misc{GDPR,
title={General Data Protection Regulation},
author={Unione Europea},
year={2016}
}
@book{lesser1999countering,
  title={Countering the new terrorism},
  author={Lesser, Ian and Arquilla, John and Hoffman, Bruce and Ronfeldt, David F and Zanini, Michele},
  year={1999},
  publisher={RAND corporation}
}
@article{xu2014information,
  title={Information security in big data: privacy and data mining},
  author={Xu, Lei and Jiang, Chunxiao and Wang, Jian and Yuan, Jian and Ren, Yong},
  journal={Ieee Access},
  volume={2},
  pages={1149--1176},
  year={2014},
  publisher={IEEE}
}
@article{russom2011big,
  title={Big data analytics},
  author={Russom, Philip and others},
  journal={TDWI best practices report, fourth quarter},
  volume={19},
  number={4},
  pages={1--34},
  year={2011}
}
@book{tirino2019cambridge,
  title={Cambridge analytica: il potere segreto, la gestione del consenso e la fine della propaganda},
  author={Tirino, N.},
  isbn={9788867355129},
  lccn={2019413223},
  url={https://books.google.it/books?id=OHm5yAEACAAJ},
  year={2019},
  publisher={Libellula edizioni}
}
@book{tanenbaum2007sistemi,
  title={Sistemi distribuiti. Principi e paradigmi},
  author={Tanenbaum, Andrew S and Van Steen, Maarten},
  year={2007},
  publisher={Pearson Italia Spa}
}